<record><leader>00000cas a22000007a 4500</leader><controlfield tag="001">12211883</controlfield><controlfield tag="008">850628d18941904paumr ne      0    0eng d</controlfield><datafield ind1=" " ind2=" " tag="010"><subfield code="a">sn 85054656 </subfield></datafield><datafield ind1=" " ind2=" " tag="040"><subfield code="a">NPH</subfield><subfield code="b">eng</subfield><subfield code="c">NPH</subfield><subfield code="d">OCLCQ</subfield></datafield><datafield ind1=" " ind2=" " tag="042"><subfield code="a">msc</subfield></datafield><datafield ind1="0" ind2=" " tag="130"><subfield code="a">County journal (Loganton, Pa.)</subfield></datafield><datafield ind1="1" ind2="0" tag="245"><subfield code="a">County journal.</subfield></datafield><datafield ind1=" " ind2=" " tag="260"><subfield code="a">Loganton, Pa. :</subfield><subfield code="b">D. Scott Currin</subfield></datafield><datafield ind1=" " ind2=" " tag="300"><subfield code="a">v. ;</subfield><subfield code="c">51 cm.</subfield></datafield><datafield ind1=" " ind2=" " tag="310"><subfield code="a">Monthly</subfield></datafield><datafield ind1="1" ind2=" " tag="362"><subfield code="a">Began in 1894; ceased in 1904.</subfield><subfield code="z">Cf. Rossell, G. Pennsylvania newspapers.</subfield></datafield><datafield ind1=" " ind2=" " tag="500"><subfield code="a">Published on first day of every month.</subfield></datafield><datafield ind1=" " ind2=" " tag="500"><subfield code="a">Also published in Mill Hall, Pa. and Flemington, Pa.</subfield></datafield><datafield ind1=" " ind2=" " tag="588"><subfield code="a">Description based on: Vol. 10, no. 9 (Mar. 10, 1896).</subfield></datafield><datafield ind1=" " ind2=" " tag="752"><subfield code="a">United States</subfield><subfield code="b">Pennsylvania</subfield><subfield code="c">Clinton</subfield><subfield code="d">Loganton.</subfield></datafield><datafield ind1=" " ind2=" " tag="752"><subfield code="a">United States</subfield><subfield code="b">Pennsylvania</subfield><subfield code="c">Clinton</subfield><subfield code="d">Mill Hall.</subfield></datafield><datafield ind1=" " ind2=" " tag="752"><subfield code="a">United States</subfield><subfield code="b">Pennsylvania</subfield><subfield code="c">Clinton</subfield><subfield code="d">Flemington.</subfield></datafield><datafield ind1="0" ind2="0" tag="780"><subfield code="t">Valley chief</subfield><subfield code="w">(DLC)sn 85055191</subfield></datafield><datafield ind1="0" ind2="4" tag="785"><subfield code="t">Sugar Valley journal (Loganton, Pa. : 1894)</subfield><subfield code="g">1904</subfield><subfield code="w">(DLC)sn 85054655</subfield></datafield></record>